@MISC{Ruijie,
  AUTHOR        = "Ruijie",
  TITLE         = "{\LaTeXe} Manual",
  howpublished = {\url{http://www.ruijie.com.cn/cp/new_38281}}
}

@MISC{MentoHUST,
  AUTHOR        = "MentoHUST",
  TITLE         = "The \TeX{}book",
  howpublished = {\url{https://github.com/updateing/mentohust-v4}}
}

@MISC{OpenWRT,
  AUTHOR        = "OpenWRT",
  TITLE         = "The \TeX{}book",
  howpublished = {\url{https://zh.wikipedia.org/wiki/OpenWrt}}
}

@MISC{Zybo,
  AUTHOR        = "Zybo",
  TITLE         = "The \TeX{}book",
  howpublished = {\url{http://www.digilent.com.cn/community/26.html}}
}

@MISC{LEDE,
  AUTHOR        = "LEDE",
  TITLE         = "The \TeX{}book",
  howpublished = {\url{https://lede-project.org/}}
}

@MISC{Xilinx,
  AUTHOR        = "Xilinx",
  TITLE         = "The \TeX{}book",
  howpublished = {\url{http://www.wiki.xilinx.com/Getting+Started}}
}

@MISC{TCP,
  AUTHOR        = "{Donald E. Knuth}",
  TITLE         = "The \TeX{}book",
  howpublished = {\url{http://www.liaoxuefeng.com/wiki/0014316089557264a6b348958f449949df42a6d3a2e542c000/001432004374523e495f640612f4b08975398796939ec3c000}}
}
% @BOOK{TCP,
%   AUTHOR        = "{Donald E. Knuth}",
%   TITLE         = "The \TeX{}book",
%   publisher     = "Addisonâ€“Wesley Pub. Co.",
%   address       = "MA",
%   YEAR          = "1984"
% }

@MISC{MentoHUSTsrc,
  AUTHOR        = "MentoHUSTsrc",
  TITLE         = "The \TeX{}book",
  howpublished = {\url{https://github.com/updateing/mentohust-v4}}
}